<record><leader>00000cas a22000007a 4500</leader><controlfield tag="001">20314526</controlfield><controlfield tag="008">890908d19231968arudr ne      0    0eng d</controlfield><datafield ind1=" " ind2=" " tag="010"><subfield code="a">sn 89051348 </subfield></datafield><datafield ind1=" " ind2=" " tag="040"><subfield code="a">ANU</subfield><subfield code="b">eng</subfield><subfield code="c">ANU</subfield><subfield code="d">MQN</subfield><subfield code="d">ANU</subfield><subfield code="d">OCLCQ</subfield></datafield><datafield ind1=" " ind2=" " tag="042"><subfield code="a">msc</subfield></datafield><datafield ind1="0" ind2="0" tag="245"><subfield code="a">Blytheville courier news.</subfield></datafield><datafield ind1=" " ind2=" " tag="250"><subfield code="a">Home ed.</subfield></datafield><datafield ind1=" " ind2=" " tag="260"><subfield code="a">Blytheville, Ark. :</subfield><subfield code="b">Edgar G. Harris and Beulah L. Harris,</subfield><subfield code="c">-1968.</subfield></datafield><datafield ind1=" " ind2=" " tag="300"><subfield code="a">v.</subfield></datafield><datafield ind1=" " ind2=" " tag="310"><subfield code="a">Daily (except Sunday)</subfield></datafield><datafield ind1="1" ind2=" " tag="362"><subfield code="a">Began in 1923?</subfield></datafield><datafield ind1="0" ind2=" " tag="362"><subfield code="a">-v. 63, no. 84 (June 19, 1968).</subfield></datafield><datafield ind1=" " ind2=" " tag="500"><subfield code="a">Issued also in a mail ed. published daily (except Monday), &lt;July 2-Aug. 31, 1928&gt;.</subfield></datafield><datafield ind1=" " ind2=" " tag="500"><subfield code="a">Ed. statement dropped beginning with May 29, 1935 issue.</subfield></datafield><datafield ind1=" " ind2=" " tag="500"><subfield code="a">Coverage includes: Southeast Mo., &lt;Oct. 10, 1950&gt;.</subfield></datafield><datafield ind1=" " ind2=" " tag="580"><subfield code="a">Formed by the union of: Blytheville courier, and: Blytheville herald-news (non-extant).</subfield></datafield><datafield ind1=" " ind2=" " tag="588"><subfield code="a">Description based on: Vol. 24, no. 308 (July 2, 1928).</subfield></datafield><datafield ind1=" " ind2="4" tag="651"><subfield code="a">Blytheville (Ark.)</subfield><subfield code="v">Newspapers.</subfield></datafield><datafield ind1=" " ind2="4" tag="651"><subfield code="a">Mississippi County (Ark.)</subfield><subfield code="v">Newspapers.</subfield></datafield><datafield ind1=" " ind2=" " tag="752"><subfield code="a">United States</subfield><subfield code="b">Arkansas</subfield><subfield code="c">Mississippi</subfield><subfield code="d">Blytheville.</subfield></datafield><datafield ind1="1" ind2="4" tag="780"><subfield code="t">Blytheville courier</subfield><subfield code="w">(DLC)sn 90050320</subfield></datafield><datafield ind1="1" ind2="4" tag="780"><subfield code="t">Blytheville herald-news</subfield></datafield><datafield ind1="0" ind2="0" tag="785"><subfield code="t">Courier news (Blytheville, Ark.)</subfield><subfield code="w">(DLC)sn 84009526</subfield></datafield><datafield ind1="1" ind2=" " tag="029"><subfield code="a">AU@</subfield><subfield code="b">000020562577</subfield></datafield></record>